@book{Murphy,
  title = {Machine Learning: a Probabilistic Perspective},
  author  = {Kevin P Murphy},
  year  = {2012},
  publisher = {MIT Press},
  address = {Cambridge, MA}
}

@book{Bishop,
 author = {Bishop, C.M.},
 title = {Pattern Recognition and Machine Learning (Information Science and Statistics)},
 year = {2006},
 isbn = {0387310738},
 publisher = {Springer-Verlag New York, Inc.},
 address = {Secaucus, NJ, USA},
}

@book{Gelman,
  title={Bayesian Data Analysis, Second Edition},
  author={Gelman, A. and Carlin, J.B. and Stern, H.S. and Rubin, D.B.},
  isbn={9781420057294},
  series={Chapman \& Hall/CRC Texts in Statistical Science},
  year={2003},
  publisher={Taylor \& Francis}
}

@book{Faraway,
  author = {Faraway, J.J.},
  publisher = {Chapman \& Hall/CRC Texts in Statistical Science},
  title = {Extending the Linear Model with R: Generalized Linear, Mixed Effects and Nonparametric Regression Models},
  year = {2006},
}

@book{Winston,
  title={Operations Research: Applications and Algorithms},
  author={Winston, W.L.},
  isbn={9780534423582},
  lccn={2003105883},
  url={http://books.google.com/books?id=tg5DAQAAIAAJ},
  year={2004},
  publisher={Thomson Brooks/Cole}
}

@mastersthesis{Schutte,
  title={Regions At Risk: Estimating Conflict Zones in African Civil Wars},
  author={Schutte, S.},
  year={2004},
  school={Swiss Federal Institute of Technology Zurich}
}

@article{ACLED,
   author = {Raleigh, Clionadh and Linke, Andrew and Hegre, Håvard and Karlsen, Joakim},
   year = {2010},
   title = {Introducing {ACLED}-Armed Conflict Location and Event Data},
   journal = {Journal of Peace Research},
   volume = {47},
   number = {5},
   pages = {1-10}
}

@article{Menger,
  author = {Menger, K.},
   year = {1932},
   title = {Das botenproblem},
   journal = {Ergebnisse eines Mathematischen Kolloquiums},
   volume = {2},
   pages = {11-12}
}

@article{Gelman-Rubin,
  author = {Gelman A., and Rubin, D.},
  year = {1992},
  title = {Inference from Iterative Simulation using Multiple Sequences},
  journal = {Statistical Science},
  volume = {7},
  pages = {457–511}
}
